@Article{censi14,
 author    = {A. Censi and J. Hernandez},
 title     = {Designing Agents with Minimal Representation from Input-Output Behavior},
 publisher = {Submitted to ICRA 2015}
}

@techreport{hopcroft1971n,
  title={An n log n algorithm for minimizing states in a finite automaton},
  author={Hopcroft, John},
  year={1971},
  institution={DTIC Document}
}

@article{Pfleeger:1973:SRI:1311965.1312829,
 author = {Pfleeger, C. P.},
 title = {State Reduction in Incompletely Specified Finite-State Machines},
 journal = {IEEE Trans. Comput.},
 issue_date = {December 1973},
 volume = {22},
 number = {12},
 month = dec,
 year = {1973},
 issn = {0018-9340},
 pages = {1099--1102},
 numpages = {4},
 url = {http://dx.doi.org/10.1109/T-C.1973.223655},
 doi = {10.1109/T-C.1973.223655},
 acmid = {1312829},
 publisher = {IEEE Computer Society},
 address = {Washington, DC, USA},
 keywords = {DoN'r CARE conditions, fmite automaton, incompletely specified finite-state machine, machine minimization, maximum compatibles, polynomial complete, polynomial reducible, state reduction, state splitting, sequential machine.},
}

@article{grasselli1965method,
  title={A method for minimizing the number of internal states in incompletely specified sequential networks},
  author={Grasselli, Antonio and Luccio, Fabrizio},
  journal={Electronic Computers, IEEE Transactions on},
  number={3},
  pages={350--359},
  year={1965},
  publisher={IEEE}
}

@article{goren2007state,
  title={On state reduction of incompletely specified finite state machines},
  author={G{\"o}ren, Sezer and Ferguson, F Joel},
  journal={Computers \& Electrical Engineering},
  volume={33},
  number={1},
  pages={58--69},
  year={2007},
  publisher={Elsevier}
}

@article{mealy1955method,
  abstract = {The theoretical basis of sequential circuit synthesis is developed, with particular reference to the work of D. A. Huffman and E. F. Moore. A new method of synthesis is developed which emphasizes formal procedures rather than the more familiar intuitive ones. Familiarity is assumed with the use of switching algebra in the synthesis of combinational circuits.},
  added-at = {2015-01-05T12:43:37.000+0100},
  author = {Mealy, George H.},
  biburl = {http://www.bibsonomy.org/bibtex/2729a8ea3fef2d62f16a9ba9792237cb2/t.uemura},
  description = {IEEE Xplore Abstract - A method for synthesizing sequential circuits},
  doi = {10.1002/j.1538-7305.1955.tb03788.x},
  interhash = {dcddb96c3ffe3268e5b0ef0feb40397a},
  intrahash = {729a8ea3fef2d62f16a9ba9792237cb2},
  issn = {0005-8580},
  journal = {Bell System Technical Journal, The},
  keywords = {automata},
  month = {Sept},
  number = 5,
  pages = {1045-1079},
  timestamp = {2015-01-05T12:43:37.000+0100},
  title = {A method for synthesizing sequential circuits},
  url = {http://ieeexplore.ieee.org/xpl/articleDetails.jsp?arnumber=6771467},
  volume = 34,
  year = 1955
}

@INPROCEEDINGS{4813796, 
author={Alberto, A. and Simao, A.}, 
booktitle={Test Workshop, 2009. LATW '09. 10th Latin American}, 
title={Minimization of incompletely specified finite state machines based on distinction graphs}, 
year={2009}, 
pages={1-6}, 
keywords={computational complexity;finite state machines;graph theory;minimisation;NP-complete problem;distinction graph;finite state machine;maximum cliques;minimization;systems development;Automata;Automatic testing;Electronic mail;Explosions;Minimization methods;NP-complete problem;Polynomials;System testing;Time measurement}, 
doi={10.1109/LATW.2009.4813796}, 
month={March},}

@incollection{karp72,
year={1972},
isbn={978-1-4684-2003-6},
booktitle={Complexity of Computer Computations},
series={The IBM Research Symposia Series},
editor={Miller, RaymondE. and Thatcher, JamesW. and Bohlinger, JeanD.},
doi={10.1007/978-1-4684-2001-2_9},
title={Reducibility among Combinatorial Problems},
url={http://dx.doi.org/10.1007/978-1-4684-2001-2_9},
publisher={Springer US},
author={Karp, RichardM.},
pages={85-103},
language={English}
}
